@comment{
Data from
  https://arxiv2bibtex.org/
}

@misc{2103.06404,
Author = {Selvi Kara and Irem Portakal and Akiyoshi Tsuchiya},
Title = {Rigid Gorenstein toric Fano varieties arising from directed graphs},
Year = {2021},
Eprint = {arXiv:2103.06404},
}

@misc{1910.05193,
  title = {{Many faces of symmetric edge polytopes}},
  author = {Alessio D'Al√¨ and Emanuele Delucchi and Mateusz Micha{\l}ek},
  eprint = {arXiv:1910.05193},
}