@comment{
Data from
  https://www.bibtex.com/c/isbn-to-bibtex-converter/
  https://mathscinet.ams.org/mrlookup
  https://mathscinet.ams.org/mathscinet/index.html
}
@BOOK{978-4-7853-1123-0,
  title     = "行列特論: 基礎数学選書 21",
  author    = "{草場公邦}",
  yomi = "くさばとしくに",  
  isbn = "978-4-7853-1123-0",
  abstract  = "
               本書は、行列または線形代数学に関連のある３つの話題を選んで述べたものである。第１章では、メービウスの反転公式を三角行列との関連から見直し、半順序集合上での反転公式に一般化できる様子を解説した。第２章では、ガブリエルの発表した定理に与えられた見事な証明について、第３章ではアーノルドの1971年の論文の内容を主体に述べた。
               ※この電子書籍は固定レイアウト型で配信されております。固定レイアウト型は文字だけを拡大することや、文字列のハイライト、検索、辞書の参照、引用などの機能が使用できません。
               本書は、行列または線形代数学に関連のある３つの話題を選んで述べたものである。
               第１章は、19世紀以来知られているメービウスの反転公式を三角行列との関連から見直し、半順序集合上での反転公式に一般化できる様子を解説したものである。第２章は、1972年にガブリエルの発表した定理に、1973年にゲルファント、バーンシュタイン、ポノマリョーフの３人が共同で見事な証明を与えたことについて述べ、第３章はアーノルドの1971年の論文の内容を主体に述べた。大体新しい論文を読むには大量の予備知識を必要とするが、本書で扱った論文に関しては予備知識をあまり必要としないことで、面白い内容で新しい興味を持ってもらえるものと期待している。",
  publisher = "裳華房",
  month     =  sep,
  year      =  1979,
  language  = "ja"
}



@BOOK{978-4-7806-0772-7,
  title    = "線形代数学講義",
  author   = "{澁川陽一}",
  yomi = "しぶかわよういち",
  isbn = "978-4-7806-0772-7",
  publisher = "学術図書出版社",
  month    =  nov,
  year     =  2019,
  language = "ja",
  abstract = "具体例に即した丁寧な説明による大学初年次向け教科書。豊富な問題と解説で独習にも最適。データ分析等の現代的な応用例を盛り込む。",
}
