@comment{
Data from
  https://mathscinet.ams.org/mrlookup
  https://mathscinet.ams.org/mathscinet/index.html
}

@article {MR1153934,
    AUTHOR = {Bandelt, Hans-J\"{u}rgen and Dress, Andreas W. M.},
     TITLE = {A canonical decomposition theory for metrics on a finite set},
   JOURNAL = {Adv. Math.},
  FJOURNAL = {Advances in Mathematics},
    VOLUME = {92},
      YEAR = {1992},
    NUMBER = {1},
     PAGES = {47--105},
      ISSN = {0001-8708},
   MRCLASS = {54E35 (05C99)},
  MRNUMBER = {1153934},
MRREVIEWER = {Henry Martyn Mulder},
       DOI = {10.1016/0001-8708(92)90061-O},
       URL = {https://doi.org/10.1016/0001-8708(92)90061-O},
}

@article {MR753872,
    AUTHOR = {Dress, Andreas W. M.},
     TITLE = {Trees, tight extensions of metric spaces, and the
              cohomological dimension of certain groups: a note on
              combinatorial properties of metric spaces},
   JOURNAL = {Adv. in Math.},
  FJOURNAL = {Advances in Mathematics},
    VOLUME = {53},
      YEAR = {1984},
    NUMBER = {3},
     PAGES = {321--402},
      ISSN = {0001-8708},
   MRCLASS = {05C10 (20F32 20J05 54C25 54F50)},
  MRNUMBER = {753872},
MRREVIEWER = {Peter J. Slater},
       DOI = {10.1016/0001-8708(84)90029-X},
       URL = {https://doi.org/10.1016/0001-8708(84)90029-X},
}

@article {MR363963,
    AUTHOR = {Buneman, Peter},
     TITLE = {A note on the metric properties of trees},
   JOURNAL = {J. Combinatorial Theory Ser. B},
  FJOURNAL = {Journal of Combinatorial Theory. Series B},
    VOLUME = {17},
      YEAR = {1974},
     PAGES = {48--50},
      ISSN = {0095-8956},
   MRCLASS = {05C05},
  MRNUMBER = {363963},
MRREVIEWER = {E. A. Nordhaus},
       DOI = {10.1016/0095-8956(74)90047-1},
       URL = {https://doi.org/10.1016/0095-8956(74)90047-1},
}

@article {MR4081480,
    AUTHOR = {Delucchi, Emanuele and Hoessly, Linard},
     TITLE = {Fundamental polytopes of metric trees via parallel connections
              of matroids},
   JOURNAL = {European J. Combin.},
  FJOURNAL = {European Journal of Combinatorics},
    VOLUME = {87},
      YEAR = {2020},
     PAGES = {103098, 18},
      ISSN = {0195-6698},
   MRCLASS = {05B35 (52B12)},
  MRNUMBER = {4081480},
MRREVIEWER = {Kevin Grace},
       DOI = {10.1016/j.ejc.2020.103098},
       URL = {https://doi.org/10.1016/j.ejc.2020.103098},
}


@article {MR4227793,
    AUTHOR = {Ehrenborg, R. and Hetyei, G. and Readdy, M.},
     TITLE = {Classification of uniform flag triangulations of the boundary
              of the full root polytope of type {$A$}},
   JOURNAL = {Acta Math. Hungar.},
  FJOURNAL = {Acta Mathematica Hungarica},
    VOLUME = {163},
      YEAR = {2021},
    NUMBER = {2},
     PAGES = {462--511},
      ISSN = {0236-5294},
   MRCLASS = {52B05 (05A15 05E45 52B12)},
  MRNUMBER = {4227793},
       DOI = {10.1007/s10474-020-01099-2},
       URL = {https://doi.org/10.1007/s10474-020-01099-2},
}

@article {MR3395979,
    AUTHOR = {Higashitani, Akihiro},
     TITLE = {Smooth {F}ano polytopes arising from finite directed graphs},
   JOURNAL = {Kyoto J. Math.},
  FJOURNAL = {Kyoto Journal of Mathematics},
    VOLUME = {55},
      YEAR = {2015},
    NUMBER = {3},
     PAGES = {579--592},
      ISSN = {2156-2261},
   MRCLASS = {52B20 (05C20 14M25 32Q20)},
  MRNUMBER = {3395979},
MRREVIEWER = {Kuei-Nuan Lin},
       DOI = {10.1215/21562261-3089073},
       URL = {https://doi.org/10.1215/21562261-3089073},
}

@article {MR3810570,
    AUTHOR = {Jevti\'{c}, Filip D. and Jeli\'{c}, Marija and \v{Z}ivaljevi\'{c}, Rade T.},
     TITLE = {Cyclohedron and {K}antorovich-{R}ubinstein polytopes},
   JOURNAL = {Arnold Math. J.},
  FJOURNAL = {Arnold Mathematical Journal},
    VOLUME = {4},
      YEAR = {2018},
    NUMBER = {1},
     PAGES = {87--112},
      ISSN = {2199-6792},
   MRCLASS = {52B12 (52B05)},
  MRNUMBER = {3810570},
MRREVIEWER = {Gaiane Panina},
       DOI = {10.1007/s40598-018-0083-4},
       URL = {https://doi.org/10.1007/s40598-018-0083-4},
}

@article {MR4249903,
    AUTHOR = {Jevti\'{c}, Filip D. and Timotijevi\'{c}, Marinko and \v{Z}ivaljevi\'{c}, Rade
              T.},
     TITLE = {Polytopal {B}ier spheres and {K}antorovich-{R}ubinstein
              polytopes of weighted cycles},
   JOURNAL = {Discrete Comput. Geom.},
  FJOURNAL = {Discrete \& Computational Geometry. An International Journal
              of Mathematics and Computer Science},
    VOLUME = {65},
      YEAR = {2021},
    NUMBER = {4},
     PAGES = {1275--1286},
      ISSN = {0179-5376},
   MRCLASS = {52B12 (52B35 52B70)},
  MRNUMBER = {4249903},
       DOI = {10.1007/s00454-019-00151-5},
       URL = {https://doi.org/10.1007/s00454-019-00151-5},
}

@article {MR2842918,
    AUTHOR = {Matsui, Tetsushi and Higashitani, Akihiro and Nagazawa, Yuuki
              and Ohsugi, Hidefumi and Hibi, Takayuki},
     TITLE = {Roots of {E}hrhart polynomials arising from graphs},
   JOURNAL = {J. Algebraic Combin.},
  FJOURNAL = {Journal of Algebraic Combinatorics. An International Journal},
    VOLUME = {34},
      YEAR = {2011},
    NUMBER = {4},
     PAGES = {721--749},
      ISSN = {0925-9899},
   MRCLASS = {52B12 (05C31)},
  MRNUMBER = {2842918},
MRREVIEWER = {Mihai Cipu},
       DOI = {10.1007/s10801-011-0290-8},
       URL = {https://doi.org/10.1007/s10801-011-0290-8},
}

@article {MR4245231,
    AUTHOR = {Negishi, Takayuki and Sugiyama, Yuki and Takakura, Tatsuru},
     TITLE = {On volume functions of special flow polytopes associated to
              the root system of type {$A$}},
   JOURNAL = {Electron. J. Combin.},
  FJOURNAL = {Electronic Journal of Combinatorics},
    VOLUME = {27},
      YEAR = {2020},
    NUMBER = {4},
     PAGES = {Paper No. 4.56, 14},
   MRCLASS = {52B20 (05A16)},
  MRNUMBER = {4245231},
       DOI = {10.37236/9062},
       URL = {https://doi.org/10.37236/9062},
}


@article {MR1697418,
    AUTHOR = {Cho, Soojin},
     TITLE = {Polytopes of roots of type {$A_n$}},
   JOURNAL = {Bull. Austral. Math. Soc.},
  FJOURNAL = {Bulletin of the Australian Mathematical Society},
    VOLUME = {59},
      YEAR = {1999},
    NUMBER = {3},
     PAGES = {391--402},
      ISSN = {0004-9727},
   MRCLASS = {52B05 (05A19 33C80)},


MRNUMBER = {1697418},
MRREVIEWER = {Gerard Sierksma},
       DOI = {10.1017/S0004972700033062},
       URL = {https://doi.org/10.1017/S0004972700033062},
}

@article {MR3331969,
    AUTHOR = {Vershik, A. M.},
     TITLE = {Classification of finite metric spaces and combinatorics of
              convex polytopes},
   JOURNAL = {Arnold Math. J.},
  FJOURNAL = {Arnold Mathematical Journal},
    VOLUME = {1},
      YEAR = {2015},
    NUMBER = {1},
     PAGES = {75--81},
      ISSN = {2199-6792},
   MRCLASS = {52B12 (54E35)},
  MRNUMBER = {3331969},
       DOI = {10.1007/s40598-014-0005-z},
       URL = {https://doi.org/10.1007/s40598-014-0005-z},
}



@article {MR357135,
    AUTHOR = {Zaslavsky, Thomas},
     TITLE = {Facing up to arrangements: face-count formulas for partitions
              of space by hyperplanes},
   JOURNAL = {Mem. Amer. Math. Soc.},
  FJOURNAL = {Memoirs of the American Mathematical Society},
    VOLUME = {1},
      YEAR = {1975},
    NUMBER = {issue 1, 154},
     PAGES = {vii+102},
      ISSN = {0065-9266},
   MRCLASS = {05A15},
  MRNUMBER = {357135},
MRREVIEWER = {E. Jucovi\v{c}},
       DOI = {10.1090/memo/0154},
       URL = {https://doi.org/10.1090/memo/0154},
}


@book {MR2940501,
    AUTHOR = {Zaslavsky, Thomas Karl},
     TITLE = {F{ACING} {UP} {TO} {ARRANGEMENTS}: {FACE}-{COUNT} {FORMULAS}
              {FOR} {PARTITIONS} {OF} {SPACE} {BY} {HYPERPLANES}},
      NOTE = {Thesis (Ph.D.)--Massachusetts Institute of Technology},
 PUBLISHER = {ProQuest LLC, Ann Arbor, MI},
      YEAR = {1974},
     PAGES = {(no paging)},
   MRCLASS = {Thesis},
  MRNUMBER = {2940501},
       URL =
              {http://gateway.proquest.com/openurl?url_ver=Z39.88-2004&rft_val_fmt=info:ofi/fmt:kev:mtx:dissertation&res_dat=xri:pqdiss&rft_dat=xri:pqdiss:0285354},
}


@article {MR3949939,
    AUTHOR = {Higashitani, Akihiro and Jochemko, Katharina and Micha{\l}ek,
              Mateusz},
     TITLE = {Arithmetic aspects of symmetric edge polytopes},
   JOURNAL = {Mathematika},
  FJOURNAL = {Mathematika. A Journal of Pure and Applied Mathematics},
    VOLUME = {65},
      YEAR = {2019},
    NUMBER = {3},
     PAGES = {763--784},
      ISSN = {0025-5793},
   MRCLASS = {52B20 (05C31 13P10 26C10 52B15)},
  MRNUMBER = {3949939},
MRREVIEWER = {Mizan R. Khan},
       DOI = {10.1112/s0025579319000147},
       URL = {https://doi.org/10.1112/s0025579319000147},
}
